
@Misc{Garreta,
  note = {http://henri.garreta.perso.luminy.univmed.fr/Polys/PolyCpp.pdf},
  author = 	 {Garreta, Henri},
  title = 	 {{Le langage C++}}
}

@Misc{Cpp-FAQ,
  note = {http://www.parashift.com/c++-faq-lite/},
  title = 	 {{C++ FAQ}}
}

@Misc{Meyers,
  note = {http://www.aristeia.com/books.html},
  author = 	 {Meyers, Scott},
  title = 	 {{Effective C++, Effective STL}}
}

@Book{Sutter,
  author = 	 {Sutter, Herb and Alexandrescu, Andrei},
  title = 	 {{C++ Coding Standards: 101 Rules, Guidelines, and Best Practices}},
  publisher = 	 {Addison-Wesley},
  year = 	 {2004}
}

@Misc{Hoff,
  note = 	 {http://www.possibility.com/Cpp/CppCodingStandard.html},
  author = 	 {Hoff, Todd},
  title = 	 {{C++ Coding Standard}}
}
